@article{al-ibadi_nefti-meziani_davis_2018, 
	title={Design, implementation and modelling of the single and multiple extensor pneumatic muscle actuators}, 
	volume={6}, 
	DOI={10.1080/21642583.2018.1451787}, 
	number={1}, 
	journal={Systems Science \& Control Engineering}, 
	author={Al-Ibadi, Alaa and Nefti-Meziani, Samia and Davis, Steve}, 
	year={2018}, 
	pages={80–89}
} 
@article{andrikopoulos_nikolakopoulos_2017, 
	title={HUmanoid Robotic Leg via pneumatic muscle actuators: implementation and control}, 
	volume={53}, 
	DOI={10.1007/s11012-017-0738-6}, 
	number={1-2}, 
	journal={Meccanica}, 
	author={Andrikopoulos, George and Nikolakopoulos, George}, 
	year={2017}, 
	pages={465–480}
} 
@article{aschenbeck_kern_bachmann_quinn, 
	title={Design of a Quadruped Robot Driven by Air Muscles}, 
	DOI={10.1109/biorob.2006.1639201}, 
	journal={The First IEEE/RAS-EMBS International Conference on Biomedical Robotics and Biomechatronics, 2006. BioRob 2006.}, 
	author={Aschenbeck, K.s. and Kern, N.i. and Bachmann, R.j. and Quinn, R.d.}
} 
@article{erin_pol_valle_park_2016, 
	title={Design of a bio-inspired pneumatic artificial muscle with self-contained sensing}, 
	DOI={10.1109/embc.2016.7591146}, 
	journal={2016 38th Annual International Conference of the IEEE Engineering in Medicine and Biology Society (EMBC)}, 
	author={Erin, Onder and Pol, Nishant and Valle, Luis and Park, Yong-Lae}, 
	year={2016}
} 
@article{lau_chai_2012, 
	title={The Development of a Low Cost Pneumatic Air Muscle Actuated Anthropomorphic Robotic Hand}, 
	volume={41}, 
	DOI={10.1016/j.proeng.2012.07.237}, 
	journal={Procedia Engineering}, 
	author={Lau, Chung Yik and Chai, Almon}, 
	year={2012}, 
	pages={737–742}
} 
@article{martens_boblan_2017, 
	title={Modeling the Static Force of a Festo Pneumatic Muscle Actuator: A New Approach and a Comparison to Existing Models}, 
	volume={6}, 
	DOI={10.3390/act6040033}, 
	number={4}, 
	journal={Actuators}, 
	author={Martens, Mirco and Boblan, Ivo}, 
	year={2017}, 
	pages={33}
} 
@article{najmuddin_mustaffa_2017, 
	title={A study on contraction of pneumatic artificial muscle (PAM) for load-lifting}, 
	volume={908}, 
	DOI={10.1088/1742-6596/908/1/012036}, 
	journal={Journal of Physics: Conference Series}, 
	author={Najmuddin, W S W A and Mustaffa, M T}, 
	year={2017}, 
	pages={012036}
} 
@article{saga_nagase_saikawa_2006, 
	title={Pneumatic artificial muscles based on biomechanical characteristics of human muscles}, 
	volume={3}, 
	DOI={10.1533/abbi.2006.0028}, 
	number={3}, 
	journal={Applied Bionics and Biomechanics}, 
	author={Saga, N. and Nagase, J. and Saikawa, T.}, 
	year={2006}, 
	pages={191–197}
} 
@article{scarfe_lindsay_2006, 
	title={Air Muscle Actuated Low Cost Humanoid Hand}, 
	volume={3}, 
	DOI={10.5772/5745}, 
	number={2}, 
	journal={International Journal of Advanced Robotic Systems}, 
	author={Scarfe, Peter and Lindsay, Euan}, 
	year={2006}, 
	pages={22}
} 
@article{takosoglu_laski_blasiak_bracha_pietrala_2016, 
	title={Determining the Static Characteristics of Pneumatic Muscles}, 
	volume={49}, 
	DOI={10.1177/0020294016629176}, 
	number={2}, 
	journal={Measurement and Control}, 
	author={Takosoglu, Jakub Emanuel and Laski, Pawel Andrzej and Blasiak, Slawomir and Bracha, Gabriel and Pietrala, Dawid}, 
	year={2016}, 
	pages={62–71}
} 
@article{zhang_bone_2018, 
	title={Direct Switching Position Control Algorithms For Pneumatic Actuators Using On/Off Solenoid Valves}, 
	DOI={10.25071/10315/35242}, 
	journal={Progress in Canadian Mechanical Engineering}, 
	author={Zhang, Yile and Bone, Gary M.}, 
	year={2018}
}

@article{ranjan_upadhyay_kumar_dhyani_2012, 
	title={Theoretical and Experimental Modeling of Air Muscle}, 
	DOI={}, 
	journal={International Journal of Emerging Technology and Advanced Engineering}, 
	author={Ranjan, Ranjeet and Upadhyay, P.K and Kumar, Arbind and Dhyani, Praveen}, 
	year={2012}
}

@article{hosovsky_2012,
    title = {Dynamic Modeling of One Degree of Freedom Pneumatic Muscle-based Actuator for Industrial Applications},
    author = {Ho\v{s}ovsk\'{y}, Alexander and Ho\v{s}ovsk\'{y}, Michal},
    year = {2012},
    month = {09},
    pages = {673-681},
    volume = {19},
    journal = {Tehnicki Vjesnik}
}

@article{chou_hannaford_1996, 
    title={Measurement and modeling of McKibben pneumatic artificial muscles}, 
    volume={12}, 
    DOI={10.1109/70.481753}, 
    number={1}, 
    journal={IEEE Transactions on Robotics and Automation}, 
    author={Chou, Ching-Ping and Hannaford, B.}, 
    year={1996}, 
    pages={90–102}
}

@article{ficht_farazi_brandenburger_rodriguez_pavlichenko_allgeuer_hosseini_behnke_2018,
    author = {Ficht, Grzegorz and Farazi, Hafez and Brandenburger, André and Rodriguez, Diego and Pavlichenko, Dmytro and Allgeuer, Philipp and Hosseini, Mojtaba and Behnke, Sven},
    year = {2018},
    month = {10},
    pages = {},
    title = {NimbRo-OP2X: Adult-sized Open-source 3D Printed Humanoid Robot}
}

@article{allgeuer_ficht_farazi_schreiber_behnke_2017, 
    title={First International HARTING Open Source Prize Winner: The igus Humanoid Open Platform}, 
    DOI={10.1007/978-3-319-68792-6_52}, 
    journal={RoboCup 2016: Robot World Cup XX Lecture Notes in Computer Science}, 
    author={Allgeuer, Philipp and Ficht, Grzegorz and Farazi, Hafez and Schreiber, Michael and Behnke, Sven}, 
    year={2017}, 
    pages={625–633}
}

@article{kitano1995robocup,
  title={Robocup: The robot world cup initiative},
  author={Kitano, Hiroaki and Asada, Minoru and Kuniyoshi, Yasuo and Noda, Itsuki and Osawa, Eiichi},
  year={1995},
  publisher={Citeseer}
}

% Components List
@misc{nucleo_stm32f722ze, 
    title={NUCLEO-F722ZE}, 
    url={https://www.st.com/en/evaluation-tools/nucleo-f722ze.html}, 
    journal={STM32 Nucleo-144 development board with STM32F722ZE MCU, supports Arduino, ST Zio and morpho connectivity - STMicroelectronics}
}

@misc{airsky_pneumatic, 
    title={3V210-08 Solenoid Valve}, 
    url={http://www.airskys.com/3v210-08-solenoid-valve/}, 
    journal={airsky pneumatic}
}

@misc{robotis, 
    title={DYNAMIXEL XM540-W270-R}, 
    url={http://www.robotis.us/dynamixel-xm540-w270-r/}, 
    journal={ROBOTIS}
}

@misc{robotis_mx106, 
    title={DYNAMIXEL MX-106T}, 
    url={http://www.robotis.us/dynamixel-mx-106t/}, 
    journal={ROBOTIS}
}

@article{pneumatic_image,
    author = {Tsagarakis, Nikos and G. CALDWELL, DARWIN},
    year = {2019},
    month = {05},
    pages = {},
    title = {A Compliant exoskeleton for multi-planar upper limb physiotherapy and training}
}

@misc{NBPLANN100PGUNV, 
    title={NBPLANN100PGUNV Honeywell | Mouser},
    url={https://au.mouser.com/ProductDetail/Honeywell/NBPLANN100PGUNV}, 
    journal={Mouser Electronics}
}

@misc{atlas, 
    title={Atlas},
    url={https://www.bostondynamics.com/atlas}, 
    journal={Atlas Boston Dynamics}
}



% Unfound references
% Chapter 20 Model Predictive Control 
% Lecture: Receding Horizon Control 
% Bio-robotics – Build Your Own Robotic Air Muscle Actuator